@ARTICLE {Ufpi2020,
	author = "{Universidade Federal do Piau√≠}",
	title  = "Manual do Modelo Latex para TCC1",
	year   = "2020",
	month  = "aug"
}
@inproceedings{Abuidris2019,
	address = {New York, NY, USA},
	author = {Abuidris, Yousif and Kumar, Rajesh and Wenyong, Wang},
	booktitle = {Proceedings of the 2019 2nd International Conference on Blockchain Technology and Applications},
	doi = {10.1145/3376044.3376060},
	isbn = {9781450377430},
	month = {dec},
	pages = {99--104},
	publisher = {ACM},
	title = {{A Survey of Blockchain Based on E-voting Systems}},
	url = {https://dl.acm.org/doi/10.1145/3376044.3376060},
	year = {2019}
}
